@article{dupays2021closed,
  title={Closed forms of Zassenhaus formula},
  author={Dupays, L{\'e}once},
  journal={arXiv preprint arXiv:2107.01204},
  year={2021}
}
@article{feynman1982simulating,
  title={Simulating physics with computers},
  author={Feynman, Richard P and others},
  journal={Int. j. Theor. phys},
  volume={21},
  number={6/7},
  year={1982}
}
@article{lloyd1996universal,
  title={Universal quantum simulators},
  author={Lloyd, Seth},
  journal={Science},
  volume={273},
  number={5278},
  pages={1073--1078},
  year={1996},
  publisher={American Association for the Advancement of Science}
}